<record><leader>00000cas a22000007a 4500</leader><controlfield tag="001">14584406</controlfield><controlfield tag="008">861031d18791879inuwr ne      0    0eng d</controlfield><datafield ind1=" " ind2=" " tag="010"><subfield code="a">sn 86058916 </subfield></datafield><datafield ind1=" " ind2=" " tag="040"><subfield code="a">NPI</subfield><subfield code="b">eng</subfield><subfield code="c">NPI</subfield><subfield code="d">NVF</subfield><subfield code="d">OCLCQ</subfield></datafield><datafield ind1=" " ind2=" " tag="042"><subfield code="a">msc</subfield></datafield><datafield ind1="0" ind2=" " tag="130"><subfield code="a">Danville Republican (Danville, Ind.)</subfield></datafield><datafield ind1="1" ind2="4" tag="245"><subfield code="a">The Danville Republican.</subfield></datafield><datafield ind1=" " ind2=" " tag="260"><subfield code="a">Danville, Ind. :</subfield><subfield code="b">J.E. Sherrill,</subfield><subfield code="c">1879.</subfield></datafield><datafield ind1=" " ind2=" " tag="300"><subfield code="a">v.</subfield></datafield><datafield ind1=" " ind2=" " tag="310"><subfield code="a">Weekly</subfield></datafield><datafield ind1="0" ind2=" " tag="362"><subfield code="a">Vol. 1, no. 1 (Jan. 9, 1879)-v. 1, no. 4 (Jan. 30, 1879).</subfield></datafield><datafield ind1=" " ind2=" " tag="752"><subfield code="a">United States</subfield><subfield code="b">Indiana</subfield><subfield code="c">Hendricks</subfield><subfield code="d">Danville.</subfield></datafield><datafield ind1="0" ind2="0" tag="780"><subfield code="t">Danville union (Danville, Ind.)</subfield><subfield code="w">(DLC)sn 84023904</subfield><subfield code="w">(OCoLC)11059626</subfield></datafield><datafield ind1="0" ind2="4" tag="785"><subfield code="t">Hendricks County union (Danville, Ind. : 1879)</subfield><subfield code="w">(DLC)sn 86058915</subfield></datafield></record>